<record><leader>00000cas a2200000 a 4500</leader><controlfield tag="001">18486466</controlfield><controlfield tag="008">880915d1uuu1uuukyuuu ne      0    0eng d</controlfield><datafield ind1=" " ind2=" " tag="010"><subfield code="a">sn 88061195 </subfield></datafield><datafield ind1=" " ind2=" " tag="040"><subfield code="a">KNP</subfield><subfield code="b">eng</subfield><subfield code="c">KNP</subfield><subfield code="d">OCL</subfield><subfield code="d">OCLCQ</subfield><subfield code="d">KYUBL</subfield><subfield code="d">OCLCQ</subfield><subfield code="d">OCLCF</subfield><subfield code="d">OCLCO</subfield></datafield><datafield ind1=" " ind2=" " tag="042"><subfield code="a">msc</subfield></datafield><datafield ind1=" " ind2=" " tag="043"><subfield code="a">n-us-ky</subfield></datafield><datafield ind1="0" ind2="0" tag="245"><subfield code="a">Adairville banner.</subfield></datafield><datafield ind1=" " ind2=" " tag="260"><subfield code="a">Adairville, Ky. :</subfield><subfield code="b">R.H. McKinney</subfield></datafield><datafield ind1=" " ind2=" " tag="300"><subfield code="b">ill.</subfield></datafield><datafield ind1=" " ind2=" " tag="525"><subfield code="a">Issued for Aug. 1, 1901, supplement called: Farmers and merchants souvenir edition.</subfield></datafield><datafield ind1=" " ind2=" " tag="588"><subfield code="a">Description based on: Aug. 1, 1901.</subfield></datafield><datafield ind1=" " ind2="0" tag="651"><subfield code="a">Adairville (Ky.)</subfield><subfield code="v">Newspapers.</subfield></datafield><datafield ind1=" " ind2="0" tag="651"><subfield code="a">Logan County (Ky.)</subfield><subfield code="v">Newspapers.</subfield></datafield><datafield ind1=" " ind2="7" tag="655"><subfield code="a">Newspapers.</subfield><subfield code="2">fast</subfield><subfield code="0">(OCoLC)fst01423814</subfield></datafield><datafield ind1=" " ind2="7" tag="651"><subfield code="a">Kentucky</subfield><subfield code="z">Adairville.</subfield><subfield code="2">fast</subfield><subfield code="0">(OCoLC)fst01252273</subfield></datafield><datafield ind1=" " ind2="7" tag="651"><subfield code="a">Kentucky</subfield><subfield code="z">Logan County.</subfield><subfield code="2">fast</subfield><subfield code="0">(OCoLC)fst01216586</subfield></datafield><datafield ind1=" " ind2=" " tag="752"><subfield code="a">United States</subfield><subfield code="b">Kentucky</subfield><subfield code="c">Logan</subfield><subfield code="d">Adairville.</subfield></datafield></record>